@inproceedings{1277276,
 author = {Janet Clegg and James Alfred Walker and Julian Frances Miller},
 title = {A new crossover technique for Cartesian genetic programming},
 booktitle = {GECCO '07: Proceedings of the 9th annual conference on Genetic and evolutionary computation},
 year = {2007},
 isbn = {978-1-59593-697-4},
 pages = {1580--1587},
 location = {London, England},
 doi = {http://doi.acm.org/10.1145/1276958.1277276},
 publisher = {ACM},
 address = {New York, NY, USA},
 }

